@book{Lipovaca11,
 author = {Lipova\v{c}a, Miran},
 title = {Learn You a Haskell for Great Good!: A Beginner's Guide},
 year = {2011},
 isbn = {1593272839, 9781593272838},
 edition = {1st},
 publisher = {No Starch Press},
 address = {San Francisco, CA, USA},
} 

@book{Hutton07,
 author = {Hutton, Graham},
 title = {Programming in Haskell},
 year = 2007,
 isbn = {0521871727, 9780521871723},
 publisher = {Cambridge University Press},
 address = {New York, NY, USA},
}

@article{halbwachs91,
  title={The synchronous data flow programming language LUSTRE},
  author={Halbwachs, Nicholas and Caspi, Paul and Raymond, Pascal and Pilaud, Daniel},
  journal={Proceedings of the IEEE},
  volume={79},
  number={9},
  pages={1305--1320},
  year={1991},
  publisher={IEEE}
}

@inproceedings{ungureanu17,
  title={A layered formal framework for modeling of cyber-physical systems},
  author={Ungureanu, George and Sander, Ingo},
  booktitle={2017 Design, Automation \& Test in Europe Conference \& Exhibition (DATE)},
  pages={1715--1720},
  year={2017},
  organization={IEEE}
}